@online{AudioLabs,
 author = {o.A.},
 year = {o.J.},
 title = {3D Audio},
 url = {https://www.audiolabs-erlangen.de/research/3d-audio},
 urldate = {2020-01-29}
}


@online{Github,
 author = {o.A.},
 year = {2020},
 title = {Github},
 url = {https://de.wikipedia.org/wiki/GitHub},
 urldate = {2020-01-29}
}


@online{Git,
 author = {o.A.},
 year = {2020},
 title = {Git},
 url = {https://de.wikipedia.org/wiki/Git},
 urldate = {2020-01-29}
}


@online{Spiel-Engine,
 author = {o.A.},
 year = {2019},
 title = {Spiel-Engine},
 url = {https://de.wikipedia.org/wiki/Spiel-Engine},
 urldate = {2020-01-29}
}


@online{HoloLens,
 author = {o.A.},
 year = {2019},
 title = {Microsoft HoloLens},
 url = {https://de.wikipedia.org/wiki/Microsoft_HoloLens},
 urldate = {2020-01-29}
}


@online{AR,
 author = {o.A.},
 year = {2017},
 title = {AR (augmented reality)},
 url = {https://www.itwissen.info/AR-augmented-reality-Erweiterte-Realitaet.html},
 urldate = {2020-01-29}
}


@online{Unity-Engine,
 author = {o.A.},
 year = {2020},
 title = {Unity (Spiel-Engine)},
 url = {https://de.wikipedia.org/wiki/Unity_(Spiel-Engine)},
 urldate = {2020-01-29}
}


@online{MRTK,
 author = {o.A.},
 year = {o.J.},
 title = {What is the Mixed Reality Tollkit},
 url = {https://microsoft.github.io/MixedRealityToolkit-Unity/README.html},
 urldate = {2020-01-29}
}


@online{sixth-sensor,
 author = {o.A.},
 year = {o.J.},
 title = {sixth sensor},
 url = {https://sixthsensor.dk/},
 urldate = {2020-01-29}
}


@online{OscSimpl87,
 author = {o.A.},
 year = {o.J.},
 title = {[RELEASED] OSC simpl},
 url = {https://forum.unity.com/threads/released-osc-simpl.382244/page-2},
 urldate = {2020-01-29}
}


@online{Reaper,
 author = {o.A.},
 year = {o.J.},
 title = {Reaper: Digital Audio Workstation},
 url = {https://www.reaper.fm/},
 urldate = {2020-01-29}
}


@online{OscSimple,
 author = {o.A.},
 year = {o.J.},
 title = {OSC simpl},
 url = {https://assetstore.unity.com/packages/tools/input-management/osc-simpl-53710},
 urldate = {2020-01-29}
}


@online{OSC,
 author = {o.A.},
 year = {o.J.},
 title = {Introduction to OSC},
 url = {http://opensoundcontrol.org/introduction-osc},
 urldate = {2020-01-29}
}


@online{IEM,
 author = {o.A.},
 year = {o.J.},
 title = {IEM Plug-in Suite},
 url = {https://plugins.iem.at/},
 urldate = {2020-01-29}
}


@online{Unity,
 author = {o.A.},
 year = {o.J.},
 title = {Unity f{\"u}r alle},
 url = {https://unity.com/de},
 urldate = {2020-01-29}
}


@online{Mixed,
 author = {Bastian, Matthias},
 year = {2019},
 title = {Hololens 2: Microsofts AR-Brille wird ab sofort ausgeliefert},
 url = {https://mixed.de/hololens-2-microsofts-ar-brille-wird-ab-sofort-ausgeliefert/},
 urldate = {2020-01-29}
}

@online{MRTKGit,
 author = {Jasche, Florian},
 year = {2019},
 title = {Hololens 1 keyboard \#5169},
 url = {https://github.com/microsoft/MixedRealityToolkit-Unity/issues/5169},
 urldate = {2020-01-29}
}

@online{C4,
 author = {Brown, Simon},
 year = {o.J.},
 title = {The C4 model for visualising software architecture: Context, Containers, Components and Code},
 url = {https://c4model.com},
 urldate = {2020-01-29}
}

@online{Gesture,
 author = {o.A.},
 year = {2019},
 title = {Operatorhandbuch für Dynamics 365 Guides},
 url = {https://docs.microsoft.com/de-de/dynamics365/mixed-reality/guides/operator-guide},
 ulrdate = {2020-01-29}
}

@online{MR,
 author = {Mauch, Thomas},
 year = {2017},
 title = {Virtual Reality, Augmented Reality und 360-Grad-Videos: Was sind die Unterschiede?},
 url = {https://www.tinkla.com/virtual-reality-augmented-reality-360-grad-videos-unterschiede/},
 ulrdate = {2020-01-29}
}

@online{Kugel,
 author = {o.A.},
 year = {2019},
 title = {Kugelkoordinaten},
 url = {https://de.wikipedia.org/wiki/Kugelkoordinaten},
 ulrdate = {2020-01-29}
}

